

@unpublished{girard:hal-01241818,
  TITLE = {{Supervised and unsupervised classification using mixture models}},
  AUTHOR = {Girard, St{\'e}phane and Saracco, Jerome},
  URL = {https://hal.archives-ouvertes.fr/hal-01241818},
  NOTE = {working paper or preprint},
  YEAR = {2015},
  MONTH = Dec,
  PDF = {https://hal.archives-ouvertes.fr/hal-01241818/file/chapClassification-hal.pdf},
  HAL_ID = {hal-01241818},
  HAL_VERSION = {v1},
}

@article{bruzzone2009novel,
  title={A novel approach to the selection of spatially invariant features for the classification of hyperspectral images with improved generalization capability},
  author={Bruzzone, Lorenzo and Persello, Claudio},
  journal={Geoscience and Remote Sensing, IEEE Transactions on},
  volume={47},
  number={9},
  pages={3180--3191},
  year={2009},
  publisher={IEEE}
}

@book{Guyon:2006:FEF:1208773,
 author = {Guyon, Isabelle and Gunn, Steve and Nikravesh, Masoud and Zadeh, Lotfi A.},
 title = {Feature Extraction: Foundations and Applications (Studies in Fuzziness and Soft Computing)},
 year = {2006},
 isbn = {3540354875},
 publisher = {Springer-Verlag New York, Inc.},
 address = {Secaucus, NJ, USA},
}

@article{jimenez1998supervised,
  title={Supervised classification in high-dimensional space: geometrical, statistical, and asymptotical properties of multivariate data},
  author={Jimenez, Luis O and Landgrebe, David A},
  journal={IEEE Transactions on Systems, Man, and Cybernetics, Part C (Applications and Reviews)},
  volume={28},
  number={1},
  pages={39--54},
  year={1998},
  publisher={IEEE}
}

@article{fauvel2015fast,
  title={Fast Forward Feature Selection of Hyperspectral Images for Classification With Gaussian Mixture Models},
  author={Fauvel, Mathieu and Dechesne, Cl{\'e}ment and Zullo, Anthony and Ferraty, Frederic},
  journal={Selected Topics in Applied Earth Observations and Remote Sensing, IEEE Journal of},
  volume={8},
  number={6},
  pages={2824--2831},
  year={2015},
  publisher={IEEE}
}

@book{webb2003statistical,
  title={Statistical pattern recognition},
  author={Webb, Andrew R},
  year={2003},
  publisher={John Wiley \& Sons}
}

@article{camps2010remote,
  title={Remote sensing feature selection by kernel dependence measures},
  author={Camps-Valls, Gustavo and Mooij, Joris and Scholkopf, Bernhard},
  journal={IEEE Geoscience and Remote Sensing Letters},
  volume={7},
  number={3},
  pages={587--591},
  year={2010},
  publisher={IEEE}
}

@article{christophe2008orfeo,
  title={Orfeo toolbox: a complete solution for mapping from high resolution satellite images},
  author={Christophe, Emmanuel and Inglada, Jordi and Giros, Alain},
  journal={International Archives of the Photogrammetry, Remote Sensing and Spatial Information Sciences},
  volume={37},
  pages={1263--1268},
  year={2008}
}

@article{fauvel2013advances,
  title={Advances in spectral-spatial classification of hyperspectral images},
  author={Fauvel, Mathieu and Tarabalka, Yuliya and Benediktsson, Jon Atli and Chanussot, Jocelyn and Tilton, James C},
  journal={Proceedings of the IEEE},
  volume={101},
  number={3},
  pages={652--675},
  year={2013},
  publisher={IEEE}
}

@book{burges2010dimension,
  title={Dimension reduction: A guided tour},
  author={Burges, Christopher JC},
  year={2010},
  publisher={Now Publishers Inc}
}